
@report{spp2024,
  author    = {中华人民共和国最高人民检察院},
  title     = {电子证据保全公证要注重强化清洁性检查：清洁性检查对电子证据保全公证效力认定的影响与完善建议},
  date      = {2024-08-07},
  type      = {报告},
  url       = {},  % 原文未提供公开访问链接
}

@article{Liu2017,
author = {刘品新},
title = {印证与概率:电子证据的客观化采信},
journal = {环球法律评论},
volume = {39},
number = {04},
pages = {109-127},
year = {2017},
issn = {1009-6728},
}


@article{Xie2022,
author = {谢登科},
title = {电子数据的技术性鉴真},
journal = {法学研究},
volume = {44},
number = {02},
pages = {209-224},
year = {2022},
issn = {1002-896X},
}

@misc{SPC2019,
  author = {{最高人民法院}},
  title = {关于民事诉讼证据的若干规定（2019修正）},
  howpublished = {法释[2019]19号},
  year = {2019}
}

@online{Guo2018,
  author = {郭琳},
  title = {民事诉讼中电子证据的虚置与重构},
  url = {https://www.chinacourt.org/article/detail/2018/01/id/3147753.shtml},
  year = {2018}
}

@article{Liuyan2022,
  author={刘岩},
  title={民事诉讼电子证据可采性规则研究},
  journal={法学评论},
  year={2022},
  volume={40},
  number={6},
  pages={123-135}
}

@mastersthesis{Heli2017,
  author={贺莉},
  title={民事电子数据证据制度研究},
  school={中国政法大学},
  year={2017}
}

@mastersthesis{Zhang2019,
  author={张宇},
  title={民事诉讼电子数据保全研究},
  school={西南政法大学},
  year={2019}
}

@article{Wang2020,
  author={王晓牛},
  title={电子数据真实性审查中第三方证据保全的引入},
  journal={现代法学},
  year={2020},
  volume={42},
  number={5},
  pages={89-101}
}

@article{Zhu2023,
  author={朱晨阳},
  title={民事诉讼中电子证据的采纳与采信审查},
  journal={法律科学},
  year={2023},
  volume={41},
  number={3},
  pages={67-79}
}

@article{ref1,
  author  = {卢胜乾},
  title   = {强化当事人的举证能力, 实现司法的高效与公正},
  journal = {法学研究},
  year    = {2005},
  number  = {3},
  pages   = {45-52},
}

@article{ref2,
  author  = {金松华 and 肖裔卷},
  title   = {电子数据证据的举证责任倒置原则适用之探析},
  journal = {现代法学},
  year    = {2021},
  volume  = {43},
  number  = {2},
  pages   = {112-120},
}

@article{ref3,
  author  = {佀齐},
  title   = {民事诉讼电子数据认证规则研究},
  journal = {证据科学},
  year    = {2018},
  volume  = {26},
  number  = {3},
  pages   = {78-89},
}

@article{ref4,
  author  = {王晓华 and 姚思捷},
  title   = {民事诉讼电子数据交换模式初探},
  journal = {当代法学},
  year    = {2023},
  number  = {6},
  pages   = {134-142},
}

@article{ref5,
  author  = {毕玉谦},
  title   = {论民事诉讼中电子数据证据庭前准备的基本建构},
  journal = {法律适用},
  year    = {2016},
  volume  = {34},
  number  = {2},
  pages   = {67-75},
}

@article{林亮亮2017民事诉讼,
  author  = {林亮亮},
  title   = {民事诉讼电子数据证据效力研究},
  journal = {},
  year    = {2017},
}

@article{刘品新2018论电子,
  author  = {刘品新},
  title   = {论电子证据的理性真实观},
  journal = {证据科学},
  year    = {2018},
  volume  = {26},
  number  = {4},
  pages   = {385-400},
}

@article{王淼2016民事诉讼,
  author  = {王淼},
  title   = {民事诉讼中电子数据的质证认定——以证据裁判原则为指导},
  journal = {法律适用},
  year    = {2016},
  number  = {1},
  pages   = {112-118},
}

@mastersthesis{韩松余2019刑事诉讼,
  author  = {韩松余},
  title   = {刑事诉讼中电子数据质证规则研究},
  school  = {},
  year    = {2019},
}

@article{郑妮2021区块链,
  author  = {郑妮 and 毛荣},
  title   = {“区块链+电子证据保全”:比较观察与实践反思},
  journal = {法学论坛},
  year    = {2021},
  volume  = {36},
  number  = {3},
  pages   = {45-56},
}

@article{jieshi2001,
  author  = {最高人民法院},
  title   = {关于民事诉讼证据的若干规定},
  journal = {最高人民法院司法解释},
  year    = {2001},
  number  = {法释〔2001〕33号}
}

@article{jieshi2021,
  author  = {最高人民法院},
  title   = {人民法院在线诉讼规则},
  journal = {最高人民法院司法解释},
  year    = {2021},
  number  = {法释〔2021〕12号}
}

@article{jieshi2016,
  author  = {最高人民法院, 最高人民检察院, 公安部},
  title   = {关于办理刑事案件收集提取和审查判断电子数据若干问题的规定},
  journal = {三机关联合司法解释},
  year    = {2016},
  number  = {法释〔2016〕22号}
}

@article{wangfuhua2016,
  author  = {王福华},
  title   = {电子法院：由内部到外部的构建},
  journal = {当代法学},
  year    = {2016},
  volume  = {30},
  number  = {5},
  pages   = {3-15}
}

@article{zheng2020,
  author  = {郑学林 and 宋春雨},
  title   = {新民事证据规定理解与适用若干问题},
  journal = {中国应用法学},
  year    = {2020},
  number  = {4},
  pages   = {1-15},
}

@article{yang2013,
  author  = {杨璐},
  title   = {电子签名证据的认定},
  journal = {法学论坛},
  year    = {2013},
  volume  = {28},
  number  = {6},
  pages   = {134-140},
}

@article{阮崇翔2022,
  author  = {阮崇翔},
  title   = {论“有具体的诉讼请求”之起诉条件的审查判断},
  journal = {法律适用},
  year    = {2022},
  number  = {23},
  pages   = {148-160},
  note    = {核心期刊}
}

@article{王晓华2023,
  author  = {王晓华 and 姚思捷},
  title   = {民事诉讼电子数据交换模式初探},
  journal = {法学论坛},
  year    = {2023},
  volume  = {38},
  number  = {6},
  pages   = {115-126},
  note    = {CSSCI来源期刊}
}

@article{宫楠2022浅析,
  title={浅析保全证据公证实效性提升的关键因素——以电子信息领域证据为中心},
  author={宫楠},
  journal={中国公证},
  year={2022},
  number={10},
  pages={34-39}
}

@mastersthesis{孙佳美2022民事诉讼,
  title={民事诉讼电子数据提出命令研究},
  author={孙佳美},
  school={中国政法大学},
  year={2022}
}

@article{陈新静2022第三方存储,
  author  = {陈新静},
  title   = {第三方存储的电子数据证据力认定研究},
  journal = {证据科学},
  year    = {2022},
  number  = {3},
  pages   = {45-60},
  note    = {发表日期：2022-06-01}
}

@article{刘品新2022跨境,
  author  = {刘品新},
  title   = {跨境电子取证的欧盟方案及启示},
  journal = {中国法学},
  year    = {2022},
  volume  = {40},
  number  = {5},
  pages   = {178-195},
  note    = {发表日期：2022-10-28}
}

@article{谢登科2021数据安全法,
  title={论侦查机关电子数据调取权及其程序控制——以《数据安全法（草案）》第32条为视角},
  author={谢登科},
  journal={北方法学},
  year={2021},
  number={3},
  pages={45-56},
}

@article{黄静2008电子签名,
  title={论电子签名的法律效力},
  author={黄静 and 项飞宇},
  journal={浙江工商大学学报},
  year={2008},
  volume={92},
  number={4},
  pages={78-83},
}

@article{戴士剑2017,
  author  = {戴士剑 and 李小恺},
  title   = {从法律法规变迁谈《网络安全法》与电子数据},
  journal = {信息安全研究},
  year    = {2017},
  number  = {9},
  pages   = {23-30},
}

@mastersthesis{赵晓旭2021,
  author  = {赵晓旭},
  title   = {我国电子证据保全研究——以网络诈骗犯罪为视角},
  school  = {中国政法大学},
  year    = {2021},
}
